<?xml version='1.0' encoding='UTF-8'?>
<record xmlns="http://www.loc.gov/MARC21/slim">
  <leader>03156cam a2200385   4500</leader>
  <controlfield tag="001">2741738</controlfield>
  <controlfield tag="003">NjP</controlfield>
  <controlfield tag="005">20171006171852.0</controlfield>
  <controlfield tag="008">831214s1948    ua            000 0 arar </controlfield>
  <datafield tag="024" ind1="7" ind2=" ">
    <subfield code="a">princeton_aco002278</subfield>
    <subfield code="2">local</subfield>
  </datafield>
  <datafield ind1=" " ind2=" " tag="010">
    <subfield code="a">ne 63001741 </subfield>
  </datafield>
  <datafield ind1=" " ind2=" " tag="035">
    <subfield code="a">(OCoLC)ocn178056163</subfield>
  </datafield>
  <datafield ind1=" " ind2=" " tag="035">
    <subfield code="a">(OCoLC)ocm10218502</subfield>
  </datafield>
  <datafield ind1=" " ind2=" " tag="035">
    <subfield code="a">(OCoLC)178056163</subfield>
  </datafield>
  <datafield ind1=" " ind2=" " tag="035">
    <subfield code="9">CND1655TS</subfield>
  </datafield>
  <datafield ind1=" " ind2=" " tag="035">
    <subfield code="a">(NjP)2741738</subfield>
  </datafield>
  <datafield ind1=" " ind2=" " tag="040">
    <subfield code="a">DLC</subfield>
    <subfield code="c">PUL</subfield>
    <subfield code="d">PUL</subfield>
  </datafield>
  <datafield ind1=" " ind2=" " tag="049">
    <subfield code="a">PULL</subfield>
  </datafield>
  <datafield ind1=" " ind2=" " tag="050">
    <subfield code="a">DT104.5</subfield>
    <subfield code="b">.J3</subfield>
  </datafield>
  <datafield ind1=" " ind2=" " tag="079">
    <subfield code="a">ocm10218502</subfield>
  </datafield>
  <datafield ind1="2" ind2=" " tag="110">
    <subfield code="6">880-01</subfield>
    <subfield code="a">Jamʻīyah al-Miṣrīyah lil-Dirāsāt al-Tārīkhīyah.</subfield>
    <subfield code="0">http://id.loc.gov/authorities/names/n84009946</subfield>
  </datafield>
  <datafield ind1="1" ind2="0" tag="245">
    <subfield code="6">880-02</subfield>
    <subfield code="a">Dhikrā al-baṭal al-fātiḥ Ibrāhīm Bāshā, 1848-1948 :</subfield>
    <subfield code="b">majmūʻat abḥāth wa-dirāsāt li-tārīkhuh tanshuruhā al-Jamʻīyah bi-munāsabat inqiḍāʼ miʼat ʻām ʻalá wafātih.</subfield>
  </datafield>
  <datafield ind1=" " ind2=" " tag="260">
    <subfield code="6">880-03</subfield>
    <subfield code="a">Cairo,</subfield>
    <subfield code="b">Maṭbaʻat Dār al-Kutub al-Miṣrīyah,</subfield>
    <subfield code="c">[1948]</subfield>
  </datafield>
  <datafield ind1=" " ind2=" " tag="300">
    <subfield code="a">24, 405 p.</subfield>
    <subfield code="b">plates, ports., maps (part fold.)</subfield>
    <subfield code="c">25 cm.</subfield>
  </datafield>
  <datafield ind1=" " ind2=" " tag="500">
    <subfield code="6">880-04</subfield>
    <subfield code="a">At head of title: al-Jamʻīyah al-Malakīyah lil-Dirāsāt al-Tārīkhīyah.</subfield>
  </datafield>
  <datafield ind1="0" ind2=" " tag="505">
    <subfield code="6">880-05</subfield>
    <subfield code="a">Ibrāhīm Bāshā fī bilād al-ʻArab, li-ʻAbd al-Ḥamīd al-Baṭrīq -- Ibrāhīm Bāshā fī bilād al-Yūnān, li-Muḥammad Aḥmad Ḥassūnah -- Juhūd Ibrāhīm Bāshā fī khidmat al-zirāʻah wa-al-ṣināʻah wa-al-tijārah, li-Aḥmad Aḥmad al-Ḥattah -- Idārat al-Shām, li-Asad Rustum -- al-Jaysh alladhī qādahu Ibrāhīm Bāshā, li-ʻAbd al-Raḥmān Zakī -- Ḥarb Karīt wa-al-Mūrah, li-Aḥmad Fahīm Bayyūmī -- Ḥamlat al-Shām al-ʼūlá wa-al-thāniyah, li-ʻAbd al-Raḥmān Zakī -- al-Marājiʻ (p. 403-405)</subfield>
  </datafield>
  <datafield ind1="0" ind2="0" tag="600">
    <subfield code="6">880-06</subfield>
    <subfield code="a">Ibrāhīm,</subfield>
    <subfield code="c">Pasha,</subfield>
    <subfield code="d">1789-1848.</subfield>
    <subfield code="0">http://id.loc.gov/authorities/names/n83026489</subfield>
  </datafield>
  <datafield ind1="2" ind2=" " tag="880">
    <subfield code="6">110-01/r</subfield>
    <subfield code="a">جمعية المصرية للدراسات التاريخية.</subfield>
  </datafield>
  <datafield ind1="1" ind2="0" tag="880">
    <subfield code="6">245-02/r</subfield>
    <subfield code="a">ذكرا البطل الفاتح ابراهيم باشا، 1848-1948 :</subfield>
    <subfield code="b">مجموعة ابحاث ودراسات لتاريخه تنشرها الجمعية بمناسبة انقضاء مائة عام على وفاته.</subfield>
  </datafield>
  <datafield ind1=" " ind2=" " tag="880">
    <subfield code="6">260-03/r</subfield>
    <subfield code="a">ر،</subfield>
    <subfield code="b">مطبعة دار الكتب المصرية،</subfield>
    <subfield code="c">[1948]</subfield>
  </datafield>
  <datafield ind1=" " ind2=" " tag="880">
    <subfield code="6">500-04/r</subfield>
    <subfield code="a">At head of title: الجمعية الملكية للدراسات التاريخية.</subfield>
  </datafield>
  <datafield ind1="0" ind2=" " tag="880">
    <subfield code="6">505-05/r</subfield>
    <subfield code="a">ابراهيم باشا في بلاد العرب، لعبد الحميد البطريق ابراهيم باشا في بلاد اليونان، لمحمد احمد حسونة جهود ابراهيم باشا في خدمة الزراعة والصناعة والتجارة، لاحمد احمد الحتة ادارة الشام، لاسد رستم الجيش الذي قاده ابراهيم باشا، لعبد الرحمن زكي حرب كريت والمورة، لاحمد فهيم بيومي حملة الشام الؤولى والثانية، لعبد الرحمن زكي المراجع (ص. 403-405)</subfield>
  </datafield>
  <datafield ind1="0" ind2="0" tag="880">
    <subfield code="6">600-06/r</subfield>
    <subfield code="a">ابراهيم،</subfield>
    <subfield code="c">پش،</subfield>
    <subfield code="d">1789-1848.</subfield>
  </datafield>
  <datafield ind1=" " ind2=" " tag="911">
    <subfield code="a">20000130</subfield>
  </datafield>
  <datafield ind1=" " ind2=" " tag="994">
    <subfield code="a">C0</subfield>
    <subfield code="b">PUL</subfield>
  </datafield>
  <datafield ind1=" " ind2=" " tag="999">
    <subfield code="a">2741738</subfield>
  </datafield>
  <datafield ind1="0" ind2="0" tag="852">
    <subfield code="0">3052376</subfield>
    <subfield code="b">nec</subfield>
    <subfield code="t">1</subfield>
    <subfield code="h">DT104.5</subfield>
    <subfield code="i">.J3 1948</subfield>
  </datafield>
  <datafield ind1=" " ind2=" " tag="959">
    <subfield code="a">2009-06-30 13:44:30 -0400</subfield>
  </datafield>
</record>
